<?xml version="1.0" encoding="UTF-8"?><collection xmlns="http://www.loc.gov/MARC21/slim"><record><leader>00539nam--2200193-u-4500</leader><controlfield tag="001">000056570</controlfield><controlfield tag="002">20161230</controlfield><controlfield tag="005">20161230201052</controlfield><controlfield tag="008">160114s1000------------r-----000-0-eng-d</controlfield><datafield ind1=" " ind2=" " tag="040"><subfield code="a">IFIN-HH</subfield></datafield><datafield ind1=" " ind2=" " tag="080"><subfield code="a">512.554.7:514.764.22:517.986.6</subfield></datafield><datafield ind1="1" ind2=" " tag="100"><subfield code="a">Faraut, Jacques</subfield></datafield><datafield ind1="1" ind2="0" tag="245"><subfield code="a">Analysis on Symmetric Cones</subfield><subfield code="c">Jacques Faraut, Adam Koranyi</subfield></datafield><datafield ind1=" " ind2=" " tag="260"><subfield code="a">Oxford</subfield><subfield code="b">Clarendon Press</subfield><subfield code="c">1994</subfield></datafield><datafield ind1=" " ind2=" " tag="300"><subfield code="a">xii+383p</subfield></datafield><datafield ind1=" " ind2=" " tag="490"><subfield code="a">Oxford Mathematical Monographs</subfield></datafield><datafield ind1="1" ind2=" " tag="700"><subfield code="a">Koranyi, Adam</subfield></datafield><datafield ind1=" " ind2=" " tag="852"><subfield code="a">81505</subfield><subfield code="c">517</subfield></datafield><datafield ind1=" " ind2=" " tag="CAT"><subfield code="a">Sys</subfield><subfield code="c">20160114</subfield><subfield code="h">150337</subfield></datafield></record></collection>